@article{Petter2009intel,
  title={Image Processing Acceleration Techniques using Intel Streaming SIMD Extensions and Intel Advanced Vector Extensions },
  author={Petter Larsson \& Eric Palmer},
  year={2009}
}

@inproceedings{debevec2008recovering,
  title={Recovering high dynamic range radiance maps from photographs},
  author={Debevec, P.E. and Malik, J.},
  booktitle={ACM SIGGRAPH 2008 classes},
  pages={31},
  year={2008},
  organization={ACM}
}
