@article{lafortune1994using,
  title={Using the modified phong reflectance model for physically based rendering},
  author={Lafortune, Eric P and Willems, Yves D and others},
  journal={Report CW},
  volume={197},
  pages={2--4},
  year={1994}
}